@misc{dwdm,
   title="{Dense Wavelength Division Multiplexing}",
   howpublished={\newline \url{https://en.wikipedia.org/wiki/Wavelength-division_multiplexing}\EatDot}
   }

@misc{da-design,
   title="{DA Design}",
   howpublished={\newline \url{http://www.da-design.fi/}\EatDot}
   }

@misc{slurm,
   title="{slurm workload manager}",
   howpublished={\newline \url{https://slurm.schedmd.com/overview.html}\EatDot}
   }

@misc{openstack,
   title="{OpenStack cloud software}",
   howpublished={\newline \url{https://www.openstack.org/}\EatDot}
   }
   
@misc{logstash,
   title="{Logstash}",
   howpublished={\newline \url{https://www.elastic.co/products/logstash}\EatDot}
   }

@misc{postgresql,
   title="{PostgreSQL}",
   howpublished={\newline \url{https://www.postgresql.org/}\EatDot}
   }
   
@misc{redis,
   title="{Redis}",
   howpublished={\newline \url{https://redis.io/}\EatDot}
   }
   
@misc{spack,
   title="{Spack}",
   howpublished={\newline \url{https://spack.io/}\EatDot}
   }   
   

@misc{easybuild,
   title="{EasyBuild}",
   howpublished={\newline \url{https://easybuilders.github.io/easybuild/}\EatDot}
   }
   
@misc{gitlab,
   title="{GitLab}",
   howpublished={\newline \url{https://about.gitlab.com/}\EatDot}
   }
@misc{cernvmfs,
   title="{CERN Virtual Machine File System}",
   howpublished={\newline \url{https://cernvm.cern.ch/portal/filesystem}\EatDot}
   }
@misc{openhpc,
   title="{OpenHPC}",
   howpublished={\newline \url{https://openhpc.community}\EatDot}
   }
@misc{xcat,
   title="{Extreme Cloud Administration Toolkit}",
   howpublished={\newline \url{https://xcat.org/}\EatDot}
   }
@misc{ansible,
   title="{Red Hat Ansible}",
   howpublished={\newline \url{https://www.ansible.com/}\EatDot}
   }

@misc{eiscat-dirac,
   title="{EISCAT DIRAC instructions page}",
   howpublished={\newline \url{https://www.eiscat.se/wp-content/uploads/2019/06/DIRAC-instruction.pdf}\EatDot}
   }
   
@misc{epic,
   title="{ePIC}",
   howpublished={\newline \url{https://www.pidconsortium.eu/}\EatDot}
   }
 @misc{doi,
   title="{Digital Object Identifier}",
   howpublished={\newline \url{http://www.doi.org/}\EatDot}
   }
   
@misc{invenio,
   title="{Invenio software}",
   howpublished={\newline \url{https://invenio-software.org/}\EatDot}
   }
   
@misc{ckan,
   title="{Comprehensive Knowledge Archive Network }",
   howpublished={\newline \url{https://ckan.org}\EatDot}
   }
   
@misc{data-model,
   title="{\ED Data Model}",
   howpublished={\newline \url{https://wiki.neic.no/wiki/EISCAT_3D_Data_Solutions#EISCAT_3D_Data_Model}\EatDot}
   }
   
@misc{drf,
   title="{DigitalRF}",
   howpublished={\newline \url{https://github.com/MITHaystack/digital_rf}\EatDot}
   }
   
@misc{oais,
   title="{Open Archival Reference Model}",
   howpublished={\newline \url{http://www.oais.info/}\EatDot}
   }

@misc{rucio,
   title="{Rucio: Scientific Data Management}",
   howpublished={\newline \url{https://rucio.cern.ch/}\EatDot}
   }
@misc{ibm-gpfs,
   title="{IBM General Parallel File System}",
   howpublished={\newline \url{https://www.ibm.com/support/knowledgecenter/en/SSFKCN/gpfs_welcome.html}\EatDot}
   }

@misc{lustre,
   title="{Lustre file system}",
   howpublished={\newline \url{http://lustre.org/}\EatDot}
   }
   
@misc{nvlink,
   title="{Nvidia NVLink}",
   howpublished={\newline \url{https://www.nvidia.com/en-us/data-center/nvlink/}\EatDot}
   }
   
@misc{e3dds-del1,
   title="{E3DDS Project: Deliverable 1}",
   howpublished={\newline \url{https://wiki.neic.no/wiki/EISCAT_3D_Data_Solutions#Deliverable_1}\EatDot}
   }

@misc{moon-gen,
   title="{MoonGen Packet Generator}",
   howpublished={\newline \url{https://github.com/emmericp/MoonGen}\EatDot}
   }
  
@misc{envri-fair,
   title="{ENVRI-FAIR}",
   howpublished={\newline \url{http://envri.eu/envri-fair/}\EatDot}
   }

@misc{skylake,
   title="{Intel Skylake CPU}",
   howpublished={\newline \url{https://en.wikipedia.org/wiki/Skylake_(microarchitecture)}\EatDot}
   }

@misc{eiscat-cp1,
   title="{EISCAT Radar scan patterns}",
   howpublished={\newline \url{https://www.eiscat.se/scientist/user-documentation/radar-scan-patterns/?highlight=cp-1}\EatDot}
   }

@misc{fs-prices,
   title="{FS.com networking equipment}",
   howpublished={\newline \url{https://www.fs.com/de/en/}\EatDot}
   }

@misc{mpi,
   title="{Message Passing Interface}",
   howpublished={\newline \url{https://www.mcs.anl.gov/research/projects/mpi/}\EatDot}
   }

@misc{fsru-tender,
   title="{EISCAT 3D FSRU Tender}",
   howpublished={\newline \url{https://www.eiscat.se/business/tenders/e3ds1-fsru/}\EatDot}
   }
   
@misc{assars-note,
   title="{Ongoing FIR filter testing}",
   howpublished={\newline \url{https://wiki.neic.no/int/E3DDSFIRfiltertesting}
   \EatDot}
   }
   
@misc{infiniband,
   title="{Infiniband Trade Association}",
   howpublished={\newline \url{https://www.infinibandta.org/}
   \EatDot}}

@misc{omnipath,
   title="{Omni-Path Architecture}",
   howpublished={\newline \url{https://en.wikipedia.org/wiki/Omni-Path}\EatDot}
   }
   
@misc{eros,
   author="{EISCAT Scientific Association}",
   title="{\ED Radar Control and Monitoring Subsystem Report}",
   howpublished={\newline \url{www.sgo.fi/~jussi/e3d/WP7/wp7_2/wp7_report.doc}\EatDot}}
}

@misc{rocket,
   title="{A rocket campaign}",
   howpublished={Should find some references}
}

@misc{envriplus,
   title="{ENVRI Plus project}",
   howpublished={\newline \url{https://www.envriplus.eu/}\EatDot}
}

@misc{esfri,
   title="{ESFRI Roadmap}",
   howpublished={\newline \url{http://www.esfri.eu/sites/default/files/20160309_ROADMAP_browsable.pdf}\EatDot}
}

@misc{ops-centre,
  title="{NeIC \ED support project Milestone MA-1, \\
          ``Requirements and their implications for EISCAT\_3D data handling and processing at the operations centre''}",
  howpublished={\newline \url{https://wiki.neic.no/w/ext/img_auth.php/3/33/Milestone-MA-1.pdf}\EatDot}
}

@misc{hdf,
  title="{HDF5 Data Format}",
  howpublished={\newline \url{https://www.hdfgroup.org/HDF5/}\EatDot}
}

@misc{cc-data-model,
  title="{EGI \ED Competence Centre project ``\ED Data Model''}",
  howpublished={\newline \url{https://wiki.egi.eu/wiki/Competence_centre_EISCAT_3D#Working_documents_for_portal_specification}\EatDot}}


@misc{eiscat-madrigal,
   title="{EISCAT Madrigal Portal}",
   howpublished={\newline \url{https://www.eiscat.se/madrigal}\EatDot}
}

@misc{e3ds-ma-2,
  title="{\ED Support Project MA-2 Document}", 
  howpublished={\newline \url{https://wiki.neic.no/w/ext/img_auth.php/9/96/MA-2-public.pdf}\EatDot}
}

@misc{eiscat-analysis-service,
  title="{EISCAT GUISDAP Interface}",
  howpublished={\newline \url{https://www.eiscat.se/scientist/user-documentation/guisdap-8-8/}\EatDot}
}

@misc{envri-curation,
  title="{ENVRI-Plus Curation definition}",
  howpublished={\newline \url{http://www.envriplus.eu/wp-content/uploads/2016/06}\\
                         \url{/A-consistent-characterisation-of-RIs.pdf}\EatDot}
}

@misc{techdescr,
  author="{EISCAT Scientific Association}",
  title="{\ED: The next generation international atmosphere and geospace research radar Technical Description}",
  howpublished={\newline \url{https://eiscat3d.se/content/eiscat3d-technical-description}\EatDot}
}

@misc{openstack,
  title="{OpenStack cloud operating system}",
  howpublished={\newline \url{https://www.openstack.org/}\EatDot}
}

@misc{apache-mesos,
  title="{Apache Mesos}",
  howpublished={\newline \url{http://mesos.apache.org/}\EatDot}
}

@misc{docker,
  title="{Docker software containerization platform}",
  howpublished={\newline \url{https://www.docker.com/}\EatDot}
}

@misc{singularity,
  title="{Singularity containers}",
  howpublished={\newline \url{http://singularity.lbl.gov/}\EatDot}
}

@misc{linux-containers,
  title="{Linux Containers}",
  howpublished={\newline \url{https://linuxcontainers.org/}\EatDot}
}

@misc{neic-nt1,
  title="{NeIC Nordic Data Grid Facility}",
  howpublished={\newline \url{https://en.wikipedia.org/wiki/Nordic_Data_Grid_Facility}\EatDot}
}

@misc{r-lang,
  title="{R Language}",
  howpublished={\newline \url{https://www.r-project.org/}\EatDot}
}

@misc{dirac,
  title="{DIRAC Grid Interware}",
  howpublished={\newline \url{http://diracgrid.org}\EatDot}
}

@misc{b2safe,
  title="{EUDAT B2SAFE}",
  howpublished={\newline \url{https://www.eudat.eu/services/b2safe}\EatDot}
}

@misc{b2share,
  title="{EUDAT B2SHARE}",
  howpublished={\newline \url{https://www.eudat.eu/services/b2share}\EatDot}
}
@misc{onedata,
  title="{Indigo-Datacloud Onedata}",
  howpublished={\newline \url{https://www.gitbook.com/book/indigo-dc/onedata-documentation-indigo-dc/details}\EatDot}
}

@misc{edugain,
  title="{GEANT project, EduGAIN}",
  howpublished={\newline \url{http://www.geant.org/Services/Trust_identity_and_security/eduGAIN}\EatDot}
}

@misc{dcache,
  title="{dCache Data Management system}",
  howpublished={\newline \url{https://www.dcache.org/}\EatDot}
}

@article{ilkka-software,
        author = "{I.\ Virtanen, D. McKay-Bukowski, J. Vierinen, A. Aikio, R. Fallows, and L. Roininen}",
        title = "{\newline Plasma parameter estimation from multistatic, multibeam incoherent scatter data}",
        journal = "{\newline J. Geophys. Res. Space Physics}",
        volume = "119",
        number = "10",
        year = "2014"
}
